<record><leader>00000cas a22000007a 4500</leader><controlfield tag="001">15742305</controlfield><controlfield tag="008">870528d18811882inuwr ne      0    0eng d</controlfield><datafield ind1=" " ind2=" " tag="010"><subfield code="a">sn 87056227 </subfield></datafield><datafield ind1=" " ind2=" " tag="040"><subfield code="a">NPI</subfield><subfield code="b">eng</subfield><subfield code="c">NPI</subfield><subfield code="d">OCLCQ</subfield></datafield><datafield ind1=" " ind2=" " tag="042"><subfield code="a">msc</subfield></datafield><datafield ind1="0" ind2=" " tag="130"><subfield code="a">Reflector (Argos, Ind.)</subfield></datafield><datafield ind1="1" ind2="4" tag="245"><subfield code="a">The reflector.</subfield></datafield><datafield ind1=" " ind2=" " tag="260"><subfield code="a">Argos, Ind. :</subfield><subfield code="b">J.J. Firestone,</subfield><subfield code="c">1881-1882.</subfield></datafield><datafield ind1=" " ind2=" " tag="310"><subfield code="a">Weekly</subfield></datafield><datafield ind1="0" ind2=" " tag="362"><subfield code="a">Vol. 1, no. 1 (Sept. 1, 1881)-v. 1, no. 29 (Mar. 16, 1882).</subfield></datafield><datafield ind1=" " ind2=" " tag="752"><subfield code="a">United States</subfield><subfield code="b">Indiana</subfield><subfield code="c">Marshall</subfield><subfield code="d">Argos.</subfield></datafield><datafield ind1="0" ind2="0" tag="785"><subfield code="t">Argos reflector</subfield><subfield code="w">(DLC)sn 87056226</subfield></datafield></record>